%YAML 1.1
%TAG !u! tag:unity3d.com,2011:
--- !u!1 &5179536707186286495
GameObject:
  m_ObjectHideFlags: 0
  m_CorrespondingSourceObject: {fileID: 0}
  m_PrefabInstance: {fileID: 0}
  m_PrefabAsset: {fileID: 0}
  serializedVersion: 6
  m_Component:
  - component: {fileID: 5700334984719652153}
  - component: {fileID: 4942152997248676189}
  - component: {fileID: 8136304056406130135}
  - component: {fileID: 2208308360161468176}
  - component: {fileID: 1573353214547979380}
  - component: {fileID: 9170611618453129128}
  m_Layer: 0
  m_Name: Ball
  m_TagString: Ball
  m_Icon: {fileID: 0}
  m_NavMeshLayer: 0
  m_StaticEditorFlags: 0
  m_IsActive: 1
--- !u!4 &5700334984719652153
Transform:
  m_ObjectHideFlags: 0
  m_CorrespondingSourceObject: {fileID: 0}
  m_PrefabInstance: {fileID: 0}
  m_PrefabAsset: {fileID: 0}
  m_GameObject: {fileID: 5179536707186286495}
  m_LocalRotation: {x: 0, y: 0, z: 0, w: 1}
  m_LocalPosition: {x: 0, y: 0, z: 0}
  m_LocalScale: {x: 1, y: 1, z: 1}
  m_Children:
  - {fileID: 8811017132886854968}
  - {fileID: 5133759096011945373}
  - {fileID: 1510338965896423213}
  - {fileID: 8812539276720445874}
  m_Father: {fileID: 0}
  m_RootOrder: 0
  m_LocalEulerAnglesHint: {x: 0, y: 0, z: 0}
--- !u!50 &4942152997248676189
Rigidbody2D:
  serializedVersion: 4
  m_ObjectHideFlags: 0
  m_CorrespondingSourceObject: {fileID: 0}
  m_PrefabInstance: {fileID: 0}
  m_PrefabAsset: {fileID: 0}
  m_GameObject: {fileID: 5179536707186286495}
  m_BodyType: 1
  m_Simulated: 1
  m_UseFullKinematicContacts: 0
  m_UseAutoMass: 0
  m_Mass: 1
  m_LinearDrag: 0
  m_AngularDrag: 0.05
  m_GravityScale: 1
  m_Material: {fileID: 0}
  m_Interpolate: 0
  m_SleepingMode: 1
  m_CollisionDetection: 0
  m_Constraints: 0
--- !u!58 &8136304056406130135
CircleCollider2D:
  m_ObjectHideFlags: 0
  m_CorrespondingSourceObject: {fileID: 0}
  m_PrefabInstance: {fileID: 0}
  m_PrefabAsset: {fileID: 0}
  m_GameObject: {fileID: 5179536707186286495}
  m_Enabled: 1
  m_Density: 1
  m_Material: {fileID: 6200000, guid: 5affe5b2e65c80644b28b5eee9a48b7d, type: 2}
  m_IsTrigger: 0
  m_UsedByEffector: 0
  m_UsedByComposite: 0
  m_Offset: {x: 0, y: 0.05}
  serializedVersion: 2
  m_Radius: 0.11
--- !u!114 &2208308360161468176
MonoBehaviour:
  m_ObjectHideFlags: 0
  m_CorrespondingSourceObject: {fileID: 0}
  m_PrefabInstance: {fileID: 0}
  m_PrefabAsset: {fileID: 0}
  m_GameObject: {fileID: 5179536707186286495}
  m_Enabled: 1
  m_EditorHideFlags: 0
  m_Script: {fileID: 11500000, guid: 4ce2ab79dea78434191f5707efd7f000, type: 3}
  m_Name: 
  m_EditorClassIdentifier: 
  islightingBall: 0
  ballduration: 10
  balleff: {fileID: 6597498240722322056}
  balleff1: {fileID: 1504675898715998215}
  balleff2: {fileID: 7421279949264629415}
  ballMatt: {fileID: 2100000, guid: 1727517adbac2204a9b1305a8a46b833, type: 2}
  ballMatt1: {fileID: 2100000, guid: 5597ae10eae718445b44b0bb8335166c, type: 2}
  ballMatt2: {fileID: 2100000, guid: 13de6cdb4f3dae14e87f67e165222bc3, type: 2}
  sound:
  - {fileID: 1573353214547979380}
  - {fileID: 9170611618453129128}
--- !u!82 &1573353214547979380
AudioSource:
  m_ObjectHideFlags: 0
  m_CorrespondingSourceObject: {fileID: 0}
  m_PrefabInstance: {fileID: 0}
  m_PrefabAsset: {fileID: 0}
  m_GameObject: {fileID: 5179536707186286495}
  m_Enabled: 1
  serializedVersion: 4
  OutputAudioMixerGroup: {fileID: 0}
  m_audioClip: {fileID: 8300000, guid: 6644b9555af97b74f8493ac3b3172fd9, type: 3}
  m_PlayOnAwake: 0
  m_Volume: 0.5
  m_Pitch: 1
  Loop: 0
  Mute: 0
  Spatialize: 0
  SpatializePostEffects: 0
  Priority: 128
  DopplerLevel: 1
  MinDistance: 1
  MaxDistance: 500
  Pan2D: 0
  rolloffMode: 0
  BypassEffects: 0
  BypassListenerEffects: 0
  BypassReverbZones: 0
  rolloffCustomCurve:
    serializedVersion: 2
    m_Curve:
    - serializedVersion: 3
      time: 0
      value: 1
      inSlope: 0
      outSlope: 0
      tangentMode: 0
      weightedMode: 0
      inWeight: 0.33333334
      outWeight: 0.33333334
    - serializedVersion: 3
      time: 1
      value: 0
      inSlope: 0
      outSlope: 0
      tangentMode: 0
      weightedMode: 0
      inWeight: 0.33333334
      outWeight: 0.33333334
    m_PreInfinity: 2
    m_PostInfinity: 2
    m_RotationOrder: 4
  panLevelCustomCurve:
    serializedVersion: 2
    m_Curve:
    - serializedVersion: 3
      time: 0
      value: 0
      inSlope: 0
      outSlope: 0
      tangentMode: 0
      weightedMode: 0
      inWeight: 0.33333334
      outWeight: 0.33333334
    m_PreInfinity: 2
    m_PostInfinity: 2
    m_RotationOrder: 4
  spreadCustomCurve:
    serializedVersion: 2
    m_Curve:
    - serializedVersion: 3
      time: 0
      value: 0
      inSlope: 0
      outSlope: 0
      tangentMode: 0
      weightedMode: 0
      inWeight: 0.33333334
      outWeight: 0.33333334
    m_PreInfinity: 2
    m_PostInfinity: 2
    m_RotationOrder: 4
  reverbZoneMixCustomCurve:
    serializedVersion: 2
    m_Curve:
    - serializedVersion: 3
      time: 0
      value: 1
      inSlope: 0
      outSlope: 0
      tangentMode: 0
      weightedMode: 0
      inWeight: 0.33333334
      outWeight: 0.33333334
    m_PreInfinity: 2
    m_PostInfinity: 2
    m_RotationOrder: 4
--- !u!82 &9170611618453129128
AudioSource:
  m_ObjectHideFlags: 0
  m_CorrespondingSourceObject: {fileID: 0}
  m_PrefabInstance: {fileID: 0}
  m_PrefabAsset: {fileID: 0}
  m_GameObject: {fileID: 5179536707186286495}
  m_Enabled: 1
  serializedVersion: 4
  OutputAudioMixerGroup: {fileID: 0}
  m_audioClip: {fileID: 8300000, guid: c6cf2ad1c8fe0764fb6cce1590865298, type: 3}
  m_PlayOnAwake: 0
  m_Volume: 0.5
  m_Pitch: 1
  Loop: 0
  Mute: 0
  Spatialize: 0
  SpatializePostEffects: 0
  Priority: 128
  DopplerLevel: 1
  MinDistance: 1
  MaxDistance: 500
  Pan2D: 0
  rolloffMode: 0
  BypassEffects: 0
  BypassListenerEffects: 0
  BypassReverbZones: 0
  rolloffCustomCurve:
    serializedVersion: 2
    m_Curve:
    - serializedVersion: 3
      time: 0
      value: 1
      inSlope: 0
      outSlope: 0
      tangentMode: 0
      weightedMode: 0
      inWeight: 0.33333334
      outWeight: 0.33333334
    - serializedVersion: 3
      time: 1
      value: 0
      inSlope: 0
      outSlope: 0
      tangentMode: 0
      weightedMode: 0
      inWeight: 0.33333334
      outWeight: 0.33333334
    m_PreInfinity: 2
    m_PostInfinity: 2
    m_RotationOrder: 4
  panLevelCustomCurve:
    serializedVersion: 2
    m_Curve:
    - serializedVersion: 3
      time: 0
      value: 0
      inSlope: 0
      outSlope: 0
      tangentMode: 0
      weightedMode: 0
      inWeight: 0.33333334
      outWeight: 0.33333334
    m_PreInfinity: 2
    m_PostInfinity: 2
    m_RotationOrder: 4
  spreadCustomCurve:
    serializedVersion: 2
    m_Curve:
    - serializedVersion: 3
      time: 0
      value: 0
      inSlope: 0
      outSlope: 0
      tangentMode: 0
      weightedMode: 0
      inWeight: 0.33333334
      outWeight: 0.33333334
    m_PreInfinity: 2
    m_PostInfinity: 2
    m_RotationOrder: 4
  reverbZoneMixCustomCurve:
    serializedVersion: 2
    m_Curve:
    - serializedVersion: 3
      time: 0
      value: 1
      inSlope: 0
      outSlope: 0
      tangentMode: 0
      weightedMode: 0
      inWeight: 0.33333334
      outWeight: 0.33333334
    m_PreInfinity: 2
    m_PostInfinity: 2
    m_RotationOrder: 4
--- !u!1 &7627701397586972867
GameObject:
  m_ObjectHideFlags: 0
  m_CorrespondingSourceObject: {fileID: 0}
  m_PrefabInstance: {fileID: 0}
  m_PrefabAsset: {fileID: 0}
  serializedVersion: 6
  m_Component:
  - component: {fileID: 8811017132886854968}
  - component: {fileID: 8800189016115110087}
  - component: {fileID: 2845049209757081396}
  m_Layer: 0
  m_Name: Sphere
  m_TagString: Untagged
  m_Icon: {fileID: 0}
  m_NavMeshLayer: 0
  m_StaticEditorFlags: 0
  m_IsActive: 1
--- !u!4 &8811017132886854968
Transform:
  m_ObjectHideFlags: 0
  m_CorrespondingSourceObject: {fileID: 0}
  m_PrefabInstance: {fileID: 0}
  m_PrefabAsset: {fileID: 0}
  m_GameObject: {fileID: 7627701397586972867}
  m_LocalRotation: {x: 0, y: 0, z: 0, w: 1}
  m_LocalPosition: {x: 0, y: 0.052, z: 0}
  m_LocalScale: {x: 0.16164266, y: 0.16164266, z: 0.16164266}
  m_Children: []
  m_Father: {fileID: 5700334984719652153}
  m_RootOrder: 0
  m_LocalEulerAnglesHint: {x: 0, y: 0, z: 0}
--- !u!33 &8800189016115110087
MeshFilter:
  m_ObjectHideFlags: 0
  m_CorrespondingSourceObject: {fileID: 0}
  m_PrefabInstance: {fileID: 0}
  m_PrefabAsset: {fileID: 0}
  m_GameObject: {fileID: 7627701397586972867}
  m_Mesh: {fileID: 10207, guid: 0000000000000000e000000000000000, type: 0}
--- !u!23 &2845049209757081396
MeshRenderer:
  m_ObjectHideFlags: 0
  m_CorrespondingSourceObject: {fileID: 0}
  m_PrefabInstance: {fileID: 0}
  m_PrefabAsset: {fileID: 0}
  m_GameObject: {fileID: 7627701397586972867}
  m_Enabled: 1
  m_CastShadows: 1
  m_ReceiveShadows: 1
  m_DynamicOccludee: 1
  m_MotionVectors: 1
  m_LightProbeUsage: 1
  m_ReflectionProbeUsage: 1
  m_RayTracingMode: 2
  m_RenderingLayerMask: 1
  m_RendererPriority: 0
  m_Materials:
  - {fileID: 2100000, guid: 1727517adbac2204a9b1305a8a46b833, type: 2}
  m_StaticBatchInfo:
    firstSubMesh: 0
    subMeshCount: 0
  m_StaticBatchRoot: {fileID: 0}
  m_ProbeAnchor: {fileID: 0}
  m_LightProbeVolumeOverride: {fileID: 0}
  m_ScaleInLightmap: 1
  m_ReceiveGI: 1
  m_PreserveUVs: 0
  m_IgnoreNormalsForChartDetection: 0
  m_ImportantGI: 0
  m_StitchLightmapSeams: 1
  m_SelectedEditorRenderState: 3
  m_MinimumChartSize: 4
  m_AutoUVMaxDistance: 0.5
  m_AutoUVMaxAngle: 89
  m_LightmapParameters: {fileID: 0}
  m_SortingLayerID: 0
  m_SortingLayer: 0
  m_SortingOrder: 0
--- !u!1001 &1505853157985159961
PrefabInstance:
  m_ObjectHideFlags: 0
  serializedVersion: 2
  m_Modification:
    m_TransformParent: {fileID: 5700334984719652153}
    m_Modifications:
    - target: {fileID: 1253142483436318, guid: 89956e675b749204c8e10395ce2b5fb9, type: 3}
      propertyPath: m_Name
      value: fireEff
      objectReference: {fileID: 0}
    - target: {fileID: 1253142483436318, guid: 89956e675b749204c8e10395ce2b5fb9, type: 3}
      propertyPath: m_IsActive
      value: 0
      objectReference: {fileID: 0}
    - target: {fileID: 4175407219268534, guid: 89956e675b749204c8e10395ce2b5fb9, type: 3}
      propertyPath: m_LocalScale.x
      value: 0.3
      objectReference: {fileID: 0}
    - target: {fileID: 4175407219268534, guid: 89956e675b749204c8e10395ce2b5fb9, type: 3}
      propertyPath: m_LocalScale.y
      value: 0.3
      objectReference: {fileID: 0}
    - target: {fileID: 4175407219268534, guid: 89956e675b749204c8e10395ce2b5fb9, type: 3}
      propertyPath: m_LocalScale.z
      value: 0.3
      objectReference: {fileID: 0}
    - target: {fileID: 4250067245354182, guid: 89956e675b749204c8e10395ce2b5fb9, type: 3}
      propertyPath: m_LocalScale.x
      value: 0.3
      objectReference: {fileID: 0}
    - target: {fileID: 4250067245354182, guid: 89956e675b749204c8e10395ce2b5fb9, type: 3}
      propertyPath: m_LocalScale.y
      value: 0.3
      objectReference: {fileID: 0}
    - target: {fileID: 4250067245354182, guid: 89956e675b749204c8e10395ce2b5fb9, type: 3}
      propertyPath: m_LocalScale.z
      value: 0.3
      objectReference: {fileID: 0}
    - target: {fileID: 4521404770085940, guid: 89956e675b749204c8e10395ce2b5fb9, type: 3}
      propertyPath: m_RootOrder
      value: 2
      objectReference: {fileID: 0}
    - target: {fileID: 4521404770085940, guid: 89956e675b749204c8e10395ce2b5fb9, type: 3}
      propertyPath: m_LocalScale.x
      value: 0.1
      objectReference: {fileID: 0}
    - target: {fileID: 4521404770085940, guid: 89956e675b749204c8e10395ce2b5fb9, type: 3}
      propertyPath: m_LocalScale.y
      value: 0.1
      objectReference: {fileID: 0}
    - target: {fileID: 4521404770085940, guid: 89956e675b749204c8e10395ce2b5fb9, type: 3}
      propertyPath: m_LocalScale.z
      value: 0.1
      objectReference: {fileID: 0}
    - target: {fileID: 4521404770085940, guid: 89956e675b749204c8e10395ce2b5fb9, type: 3}
      propertyPath: m_LocalPosition.x
      value: 0
      objectReference: {fileID: 0}
    - target: {fileID: 4521404770085940, guid: 89956e675b749204c8e10395ce2b5fb9, type: 3}
      propertyPath: m_LocalPosition.y
      value: -0.0044603185
      objectReference: {fileID: 0}
    - target: {fileID: 4521404770085940, guid: 89956e675b749204c8e10395ce2b5fb9, type: 3}
      propertyPath: m_LocalPosition.z
      value: 0.0050963014
      objectReference: {fileID: 0}
    - target: {fileID: 4521404770085940, guid: 89956e675b749204c8e10395ce2b5fb9, type: 3}
      propertyPath: m_LocalRotation.w
      value: 0.7071068
      objectReference: {fileID: 0}
    - target: {fileID: 4521404770085940, guid: 89956e675b749204c8e10395ce2b5fb9, type: 3}
      propertyPath: m_LocalRotation.x
      value: -0.7071068
      objectReference: {fileID: 0}
    - target: {fileID: 4521404770085940, guid: 89956e675b749204c8e10395ce2b5fb9, type: 3}
      propertyPath: m_LocalRotation.y
      value: 0
      objectReference: {fileID: 0}
    - target: {fileID: 4521404770085940, guid: 89956e675b749204c8e10395ce2b5fb9, type: 3}
      propertyPath: m_LocalRotation.z
      value: 0
      objectReference: {fileID: 0}
    - target: {fileID: 4521404770085940, guid: 89956e675b749204c8e10395ce2b5fb9, type: 3}
      propertyPath: m_LocalEulerAnglesHint.x
      value: -90
      objectReference: {fileID: 0}
    - target: {fileID: 4521404770085940, guid: 89956e675b749204c8e10395ce2b5fb9, type: 3}
      propertyPath: m_LocalEulerAnglesHint.y
      value: 0
      objectReference: {fileID: 0}
    - target: {fileID: 4521404770085940, guid: 89956e675b749204c8e10395ce2b5fb9, type: 3}
      propertyPath: m_LocalEulerAnglesHint.z
      value: 0
      objectReference: {fileID: 0}
    - target: {fileID: 4841828537153292, guid: 89956e675b749204c8e10395ce2b5fb9, type: 3}
      propertyPath: m_LocalScale.x
      value: 0.3
      objectReference: {fileID: 0}
    - target: {fileID: 4841828537153292, guid: 89956e675b749204c8e10395ce2b5fb9, type: 3}
      propertyPath: m_LocalScale.y
      value: 0.3
      objectReference: {fileID: 0}
    - target: {fileID: 4841828537153292, guid: 89956e675b749204c8e10395ce2b5fb9, type: 3}
      propertyPath: m_LocalScale.z
      value: 0.3
      objectReference: {fileID: 0}
    - target: {fileID: 4845561253834940, guid: 89956e675b749204c8e10395ce2b5fb9, type: 3}
      propertyPath: m_LocalScale.x
      value: 0.3
      objectReference: {fileID: 0}
    - target: {fileID: 4845561253834940, guid: 89956e675b749204c8e10395ce2b5fb9, type: 3}
      propertyPath: m_LocalScale.y
      value: 0.3
      objectReference: {fileID: 0}
    - target: {fileID: 4845561253834940, guid: 89956e675b749204c8e10395ce2b5fb9, type: 3}
      propertyPath: m_LocalScale.z
      value: 0.3
      objectReference: {fileID: 0}
    m_RemovedComponents: []
  m_SourcePrefab: {fileID: 100100000, guid: 89956e675b749204c8e10395ce2b5fb9, type: 3}
--- !u!1 &1504675898715998215 stripped
GameObject:
  m_CorrespondingSourceObject: {fileID: 1253142483436318, guid: 89956e675b749204c8e10395ce2b5fb9,
    type: 3}
  m_PrefabInstance: {fileID: 1505853157985159961}
  m_PrefabAsset: {fileID: 0}
--- !u!4 &1510338965896423213 stripped
Transform:
  m_CorrespondingSourceObject: {fileID: 4521404770085940, guid: 89956e675b749204c8e10395ce2b5fb9,
    type: 3}
  m_PrefabInstance: {fileID: 1505853157985159961}
  m_PrefabAsset: {fileID: 0}
--- !u!1001 &6714527475671643839
PrefabInstance:
  m_ObjectHideFlags: 0
  serializedVersion: 2
  m_Modification:
    m_TransformParent: {fileID: 5700334984719652153}
    m_Modifications:
    - target: {fileID: 477890188153386039, guid: 5c883c27c276c32408781125c5e1d2b0,
        type: 3}
      propertyPath: m_Name
      value: lightingEff
      objectReference: {fileID: 0}
    - target: {fileID: 477890188153386039, guid: 5c883c27c276c32408781125c5e1d2b0,
        type: 3}
      propertyPath: m_IsActive
      value: 0
      objectReference: {fileID: 0}
    - target: {fileID: 1878016005297062690, guid: 5c883c27c276c32408781125c5e1d2b0,
        type: 3}
      propertyPath: m_RootOrder
      value: 1
      objectReference: {fileID: 0}
    - target: {fileID: 1878016005297062690, guid: 5c883c27c276c32408781125c5e1d2b0,
        type: 3}
      propertyPath: m_LocalPosition.x
      value: 0
      objectReference: {fileID: 0}
    - target: {fileID: 1878016005297062690, guid: 5c883c27c276c32408781125c5e1d2b0,
        type: 3}
      propertyPath: m_LocalPosition.y
      value: 0
      objectReference: {fileID: 0}
    - target: {fileID: 1878016005297062690, guid: 5c883c27c276c32408781125c5e1d2b0,
        type: 3}
      propertyPath: m_LocalPosition.z
      value: 0
      objectReference: {fileID: 0}
    - target: {fileID: 1878016005297062690, guid: 5c883c27c276c32408781125c5e1d2b0,
        type: 3}
      propertyPath: m_LocalRotation.w
      value: 1
      objectReference: {fileID: 0}
    - target: {fileID: 1878016005297062690, guid: 5c883c27c276c32408781125c5e1d2b0,
        type: 3}
      propertyPath: m_LocalRotation.x
      value: 0
      objectReference: {fileID: 0}
    - target: {fileID: 1878016005297062690, guid: 5c883c27c276c32408781125c5e1d2b0,
        type: 3}
      propertyPath: m_LocalRotation.y
      value: 0
      objectReference: {fileID: 0}
    - target: {fileID: 1878016005297062690, guid: 5c883c27c276c32408781125c5e1d2b0,
        type: 3}
      propertyPath: m_LocalRotation.z
      value: 0
      objectReference: {fileID: 0}
    - target: {fileID: 1878016005297062690, guid: 5c883c27c276c32408781125c5e1d2b0,
        type: 3}
      propertyPath: m_LocalEulerAnglesHint.x
      value: 0
      objectReference: {fileID: 0}
    - target: {fileID: 1878016005297062690, guid: 5c883c27c276c32408781125c5e1d2b0,
        type: 3}
      propertyPath: m_LocalEulerAnglesHint.y
      value: 0
      objectReference: {fileID: 0}
    - target: {fileID: 1878016005297062690, guid: 5c883c27c276c32408781125c5e1d2b0,
        type: 3}
      propertyPath: m_LocalEulerAnglesHint.z
      value: 0
      objectReference: {fileID: 0}
    m_RemovedComponents: []
  m_SourcePrefab: {fileID: 100100000, guid: 5c883c27c276c32408781125c5e1d2b0, type: 3}
--- !u!1 &6597498240722322056 stripped
GameObject:
  m_CorrespondingSourceObject: {fileID: 477890188153386039, guid: 5c883c27c276c32408781125c5e1d2b0,
    type: 3}
  m_PrefabInstance: {fileID: 6714527475671643839}
  m_PrefabAsset: {fileID: 0}
--- !u!4 &5133759096011945373 stripped
Transform:
  m_CorrespondingSourceObject: {fileID: 1878016005297062690, guid: 5c883c27c276c32408781125c5e1d2b0,
    type: 3}
  m_PrefabInstance: {fileID: 6714527475671643839}
  m_PrefabAsset: {fileID: 0}
--- !u!1001 &6943530636307290768
PrefabInstance:
  m_ObjectHideFlags: 0
  serializedVersion: 2
  m_Modification:
    m_TransformParent: {fileID: 5700334984719652153}
    m_Modifications:
    - target: {fileID: 477890188153386039, guid: 5c883c27c276c32408781125c5e1d2b0,
        type: 3}
      propertyPath: m_Name
      value: cooleff
      objectReference: {fileID: 0}
    - target: {fileID: 477890188153386039, guid: 5c883c27c276c32408781125c5e1d2b0,
        type: 3}
      propertyPath: m_IsActive
      value: 0
      objectReference: {fileID: 0}
    - target: {fileID: 1878016005297062690, guid: 5c883c27c276c32408781125c5e1d2b0,
        type: 3}
      propertyPath: m_RootOrder
      value: 3
      objectReference: {fileID: 0}
    - target: {fileID: 1878016005297062690, guid: 5c883c27c276c32408781125c5e1d2b0,
        type: 3}
      propertyPath: m_LocalPosition.x
      value: 0
      objectReference: {fileID: 0}
    - target: {fileID: 1878016005297062690, guid: 5c883c27c276c32408781125c5e1d2b0,
        type: 3}
      propertyPath: m_LocalPosition.y
      value: 0
      objectReference: {fileID: 0}
    - target: {fileID: 1878016005297062690, guid: 5c883c27c276c32408781125c5e1d2b0,
        type: 3}
      propertyPath: m_LocalPosition.z
      value: 0
      objectReference: {fileID: 0}
    - target: {fileID: 1878016005297062690, guid: 5c883c27c276c32408781125c5e1d2b0,
        type: 3}
      propertyPath: m_LocalRotation.w
      value: 1
      objectReference: {fileID: 0}
    - target: {fileID: 1878016005297062690, guid: 5c883c27c276c32408781125c5e1d2b0,
        type: 3}
      propertyPath: m_LocalRotation.x
      value: 0
      objectReference: {fileID: 0}
    - target: {fileID: 1878016005297062690, guid: 5c883c27c276c32408781125c5e1d2b0,
        type: 3}
      propertyPath: m_LocalRotation.y
      value: 0
      objectReference: {fileID: 0}
    - target: {fileID: 1878016005297062690, guid: 5c883c27c276c32408781125c5e1d2b0,
        type: 3}
      propertyPath: m_LocalRotation.z
      value: 0
      objectReference: {fileID: 0}
    - target: {fileID: 1878016005297062690, guid: 5c883c27c276c32408781125c5e1d2b0,
        type: 3}
      propertyPath: m_LocalEulerAnglesHint.x
      value: 0
      objectReference: {fileID: 0}
    - target: {fileID: 1878016005297062690, guid: 5c883c27c276c32408781125c5e1d2b0,
        type: 3}
      propertyPath: m_LocalEulerAnglesHint.y
      value: 0
      objectReference: {fileID: 0}
    - target: {fileID: 1878016005297062690, guid: 5c883c27c276c32408781125c5e1d2b0,
        type: 3}
      propertyPath: m_LocalEulerAnglesHint.z
      value: 0
      objectReference: {fileID: 0}
    - target: {fileID: 6464809622098163767, guid: 5c883c27c276c32408781125c5e1d2b0,
        type: 3}
      propertyPath: m_Materials.Array.size
      value: 2
      objectReference: {fileID: 0}
    - target: {fileID: 6464809622098163767, guid: 5c883c27c276c32408781125c5e1d2b0,
        type: 3}
      propertyPath: m_Materials.Array.data[0]
      value: 
      objectReference: {fileID: 10301, guid: 0000000000000000f000000000000000, type: 0}
    - target: {fileID: 6464809622098163767, guid: 5c883c27c276c32408781125c5e1d2b0,
        type: 3}
      propertyPath: m_Materials.Array.data[1]
      value: 
      objectReference: {fileID: 0}
    - target: {fileID: 6532370541965318563, guid: 5c883c27c276c32408781125c5e1d2b0,
        type: 3}
      propertyPath: NoiseModule.enabled
      value: 1
      objectReference: {fileID: 0}
    - target: {fileID: 6532370541965318563, guid: 5c883c27c276c32408781125c5e1d2b0,
        type: 3}
      propertyPath: TrailModule.enabled
      value: 0
      objectReference: {fileID: 0}
    - target: {fileID: 6532370541965318563, guid: 5c883c27c276c32408781125c5e1d2b0,
        type: 3}
      propertyPath: NoiseModule.frequency
      value: 3
      objectReference: {fileID: 0}
    - target: {fileID: 6532370541965318563, guid: 5c883c27c276c32408781125c5e1d2b0,
        type: 3}
      propertyPath: NoiseModule.strength.scalar
      value: 1
      objectReference: {fileID: 0}
    - target: {fileID: 6532370541965318563, guid: 5c883c27c276c32408781125c5e1d2b0,
        type: 3}
      propertyPath: InitialModule.startSpeed.scalar
      value: 0.5
      objectReference: {fileID: 0}
    - target: {fileID: 6532370541965318563, guid: 5c883c27c276c32408781125c5e1d2b0,
        type: 3}
      propertyPath: InitialModule.startLifetime.scalar
      value: 2
      objectReference: {fileID: 0}
    - target: {fileID: 6532370541965318563, guid: 5c883c27c276c32408781125c5e1d2b0,
        type: 3}
      propertyPath: InitialModule.startColor.maxColor.b
      value: 1
      objectReference: {fileID: 0}
    - target: {fileID: 6532370541965318563, guid: 5c883c27c276c32408781125c5e1d2b0,
        type: 3}
      propertyPath: InitialModule.startColor.maxColor.g
      value: 1
      objectReference: {fileID: 0}
    - target: {fileID: 6532370541965318563, guid: 5c883c27c276c32408781125c5e1d2b0,
        type: 3}
      propertyPath: InitialModule.startColor.maxColor.r
      value: 1
      objectReference: {fileID: 0}
    - target: {fileID: 6532370541965318563, guid: 5c883c27c276c32408781125c5e1d2b0,
        type: 3}
      propertyPath: ColorModule.gradient.maxGradient.key1.b
      value: 1
      objectReference: {fileID: 0}
    - target: {fileID: 6532370541965318563, guid: 5c883c27c276c32408781125c5e1d2b0,
        type: 3}
      propertyPath: ColorModule.gradient.maxGradient.key1.g
      value: 0.7453094
      objectReference: {fileID: 0}
    - target: {fileID: 6532370541965318563, guid: 5c883c27c276c32408781125c5e1d2b0,
        type: 3}
      propertyPath: ColorModule.gradient.maxGradient.key1.r
      value: 0.27843142
      objectReference: {fileID: 0}
    - target: {fileID: 6532370541965318563, guid: 5c883c27c276c32408781125c5e1d2b0,
        type: 3}
      propertyPath: ShapeModule.type
      value: 0
      objectReference: {fileID: 0}
    - target: {fileID: 6532370541965318563, guid: 5c883c27c276c32408781125c5e1d2b0,
        type: 3}
      propertyPath: ShapeModule.radiusThickness
      value: 1
      objectReference: {fileID: 0}
    m_RemovedComponents: []
  m_SourcePrefab: {fileID: 100100000, guid: 5c883c27c276c32408781125c5e1d2b0, type: 3}
--- !u!1 &7421279949264629415 stripped
GameObject:
  m_CorrespondingSourceObject: {fileID: 477890188153386039, guid: 5c883c27c276c32408781125c5e1d2b0,
    type: 3}
  m_PrefabInstance: {fileID: 6943530636307290768}
  m_PrefabAsset: {fileID: 0}
--- !u!4 &8812539276720445874 stripped
Transform:
  m_CorrespondingSourceObject: {fileID: 1878016005297062690, guid: 5c883c27c276c32408781125c5e1d2b0,
    type: 3}
  m_PrefabInstance: {fileID: 6943530636307290768}
  m_PrefabAsset: {fileID: 0}
